%% This BibTeX bibliography file was created using BibDesk.
%% http://bibdesk.sourceforge.net/


%% Created for Charlotte Wainwright at 2014-09-18 11:55:07 -0500 


%% Saved with string encoding Unicode (UTF-8) 


@string{aa = {Astronautica Acta}}

@string{aas = {Adv. Atmos. Sci.}}

@string{acp = {Atmos. Chem. Phys.}}

@string{ag = {Adv. Geophys.}}

@string{aiaa = {AIAA J.}}

@string{aj = {Astrophys. J.}}

@string{ajp = {Aust. J. Phys.}}

@string{ams = {Am. Meteorol. Soc.}}

@string{anngeo = {Ann. Geophys.}}

@string{ao = {Appl. Opt.}}

@string{arfm = {Ann. Rev. Fluid Mech.}}

@string{aseejee = {ASEE J. Eng. Ed.}}

@string{asr = {Adv. Space Res.}}

@string{atmm = {Atmos. Turb. Mesoscale Meteorol.}}

@string{bams = {Bull. Amer. Meteorol. Soc.}}

@string{blm = {Boundary-Layer Meteorol.}}

@string{cjp = {Can. J. Phys.}}

@string{emp = {Earth, Moon, Planets}}

@string{eps = {Earth Planets Space}}

@string{gafd = {Geophys. Astrophys. Fluid Dynam.}}

@string{gfd = {Geophys. Fluid Dynam.}}

@string{gm = {Geophys. Monograph}}

@string{gp = {Geofys. Publ.}}

@string{grl = {Geophys. Res. Lett.}}

@string{ieeetrans = {IEEE Trans.}}

@string{ieeetransap = {IEEE Trans. Anten. Prop.}}

@string{ieeetransed = {IEEE Trans. Educ.}}

@string{ieeetransge = {IEEE Trans. Geosci. Electron.}}

@string{ieeetransrs = {IEEE Trans. Geosci. Remote Sens.}}

@string{jam = {J. Appl. Meteorol.}}

@string{jamc = {J. Appl. Meteorol. Climat.}}

@string{jas = {J. Atmos. Sci.}}

@string{jastp = {J. Atmos. Sol. Terr. Phys.}}

@string{jatp = {J. Atmos. Terr. Phys.}}

@string{jcam = {J. Climate Appl. Meteorol.}}

@string{jee = {J. Eng. Ed.}}

@string{jfm = {J. Fluid Mech.}}

@string{jg = {J. Geophysics}}

@string{jgg = {J. Geomag. Geoelectr.}}

@string{jgr = {J. Geophys. Res.}}

@string{jm = {J. Meteorol.}}

@string{jmsj = {J. Met. Soc. Japan}}

@string{jpo = {J. Phys. Ocean.}}

@string{jtech = {J. Atmos. Ocean. Tech.}}

@string{mas = {Meteorol. Atmos. Phys.}}

@string{metap = {Meteorol. Atm. Phys.}}

@string{metmag = {Meteorol. Mag.}}

@string{metzeit = {Meteorol. Z.}}

@string{mnras = {Mon. Not. Roy. Astr. Soc.}}

@string{mwr = {Mon. Wea. Rev.}}

@string{nature = {Nature}}

@string{oe = {Opt. Eng.}}

@string{pag = {Pure Appl. Geophys.}}

@string{pageoph = {PAGEOPH}}

@string{philmag = {Phil. Mag.}}

@string{pps = {Proc. Phys. Soc.}}

@string{pr = {Phys. Rev.}}

@string{prociee = {Proc. Instn. Elect. Engrs.}}

@string{procieee = {Proc. IEEE}}

@string{prs = {Proc. Roy. Soc.}}

@string{prsa = {Proc. Roy. Soc., Ser. A.}}

@string{prsl = {Proc. Roy. Soc. London}}

@string{prslsa = {Proc. Roy. Soc. London Ser. A.}}

@string{ps = {Phys. Scripta}}

@string{pss = {Planet. Space Sci.}}

@string{pt = {Physics Today}}

@string{ptrsl = {Phil. Trans. R. Soc. Lond.}}

@string{qjrms = {Q. J. R. Meteorol. Soc.}}

@string{radsci = {Radio Sci.}}

@string{revgeo = {Rev. Geophys. Space Phys.}}

@string{science = {Science}}

@string{ssr = {Space Sci. Rev.}}

@string{tellus = {Tellus}}

@string{tpf = {Phys. Fluids}}

@string{wrr = {Water Res. Research}}


@conference{Batchvarova+2003,
	Author = {E. Batchvarova and S. E. Gryning},
	Booktitle = {Nato advanced workshop on air pollution processes in regional scale},
	Date-Added = {2014-09-18 16:38:49 +0000},
	Date-Modified = {2014-09-18 16:47:15 +0000},
	Title = {Use of {R}ichardson number methods in regional models to calculate the mixed-layer height},
	Volume = {13-15 June 2003, 13-15 June 2003, Kallithea. Halkidiki, Greece, pp 21-29.},
	Year = {2003}}

@incollection{Wyngaard2004,
	Author = {J. C. Wyngaard},
	Booktitle = {Atmospheric turbulence and mesoscale meteorology},
	Date-Added = {2014-09-18 16:34:59 +0000},
	Date-Modified = {2014-09-18 16:38:05 +0000},
	Editor = {E. Fedorovich and R. Rotunno and B. Stevens},
	Publisher = {Cambridge University Press, Cambridge, pp 17-34},
	Title = {Changing the face of small-scale meteorology},
	Year = {2004}}

@book{Garratt1994,
	Author = {J. R. Garratt},
	Date-Added = {2014-09-18 16:29:19 +0000},
	Date-Modified = {2014-09-18 16:34:07 +0000},
	Pages = {316},
	Publisher = {Cambridge University Press, Cambridge, 316 pp},
	Title = {The atmospheric boundary layer},
	Year = {1994}}

@article{Mason+1987,
	Author = {P. J. Mason and D. J. Thomson},
	Date-Added = {2014-09-18 16:21:30 +0000},
	Date-Modified = {2014-09-18 16:55:06 +0000},
	Journal = {Q. J. R. Meteorol. Soc.},
	Pages = {413-433},
	Title = {Large-eddy simulations of the neutral-static-stability planetary boundary layer},
	Volume = {113},
	Year = {1987}}

@Article{SullPat,
     author =   {Peter P. Sullivan and Edward G. Patton},
     title =    {The Effect of Mesh Resolution on Convective Boundary Layer Statistics and Structures Generated by Large Eddie Simulation},
     journal =  {Journal of the Atmospheric Sciences},
     year = {2011},
     volume =   {58},     
     pages =    {2395-2415},
     doi = {10.1175/JAS-D-10-05010.1}
}

@Article{behnel2010,
     author =   {Behnel, S. and Bradshaw, R and Citro, C. and Dalcin, L. and Seljebotn, D. S. and Smith, K.},
     title =    {Cython: The Best of Both Worlds},
     journal =  {Computing in Science Engineering},
     year = {2011},
     volume =   {13},     
     pages =    {31 - 39},
     doi = {10.1109/MCSE.2010.118}
}

@Misc{Jones,
  author =    {Eric Jones and Travis Oliphant and Pearu Peterson and others},
  title =     {{SciPy}: Open source scientific tools for {Python}},
  year =      {2001--},
  url = "http://www.scipy.org/",
  note = {[Online; accessed 2014-12-22]}
}

@Article{Hunter:2007,
  Author    = {Hunter, J. D.},
  Title     = {Matplotlib: A 2D graphics environment},
  Journal   = {Computing In Science \& Engineering},
  Volume    = {9},
  Number    = {3},
  Pages     = {90--95},
  abstract  = {Matplotlib is a 2D graphics package used for Python
  for application development, interactive scripting, and
  publication-quality image generation across user
  interfaces and operating systems.},
  publisher = {IEEE COMPUTER SOC},
  year      = 2007
}

@Article{KhairRand,
     author =   {Marat F. Khairoutdinov and David A. Randall},
     title =    {Cloud Resolving Model of the ARM Summer 1997 IOP: Model Formulation Results, Uncertainties and Sensitivities},
     journal =  {Journal of the Atmospheric Sciences},
     year = {2003},
     volume =   {60},     
     pages =    {607-623},
     doi = {}
}


@Book{Stull-BLMetIntro,
    author =	{Roland B. Stull},
    title =	{An Introduction to Boundary Layer Meteorology},
    booktitle =	{An Introduction to Boundary Layer Meteorology},
    year =	1988,
    edition =	1,
    publisher =	{Kluwer Academic Publishers},
    isbn =	9027727686,
}

@Article{HoltNieu86,
     author =   {A. A. M. Holtslag and F. T. M. Niewstadt},
     title =    {Scaling the Atmospheric Boundary Layer},
     journal =  {Boundary-Layer Meteorology},
     year =     1986,
     volume =   36,     
     pages =    {201-209},
}

@Article{DuPeFla,
     author =   {E. DuPont and J. Pelon and C Flamant},
     title =    {Study of the Moist Convective Boundary Layer Structure by Backscattering Lidar},
     journal =  {Boundary Layer Meteorology},
     year =     {1994},
     volume =   {69},     
     pages =    {1 - 25},
}

@Article{Turner86,
     author =   {J. S. Turner},
     title =    {Turbulent entrainment: the development of the entrainment assumption and its application to geophysical flows},
     journal =  {J. Fluid Mech.},
     year =     {1986},
     volume =   {173},     
     pages =    {431-471},
}

@Article{StullNelEl,
     author =   {E. Nelson and  R. Stull and E. Eloranta},
     title =    {A Prognostic Relationship for Entrainment Zone Thickness},
     journal =  {Journal of Applied Meteorology},
     year =     {1989},
     volume =   {28},     
     pages =    {885-901},
}

@Article{Stull73,
     author =   {Roland B. Stull},
     title =    {Inversion Rise Model Based on Penetrative Convection},
     journal =  {Journal of the Atmospheric Sciences},
     year =     {1973},
     volume =   {30},     
     pages =    {1092-1099},
}

@ARTICLE{Brooks07,
author = {Brooks, I. M. and Fowler, A. M.},
title = {A new measure of entrainment zone structure},
journal = {Geophys. Res. Lett.},
volume = {34},
issue = {16},
year = {2007},
pages = {n/a-n/a},
doi = {10.1029/2007GL030958},
resource = {http://ezproxy.library.ubc.ca/login?url=http://doi.wiley.com/10.1029/2007GL030958},
wos = {http://bit.ly/1Ec2eUt},
citing = {http://bit.ly/1Ec2eUx},
related = {http://bit.ly/1Ec2eUz},
}


@Article{Brooks,
     author =   {Ian M. Brooks},
     title =    {Finding Boundary Layer Height: Appliction of a Wavelet Covariance Transform to Lidar Backscatter Profiles},
     journal =  {Journal of Atmospheric and Ocean Technology},
     year = {2003},
     volume =   {20},     
     pages = {1194  - 1205},
}


@Article{EllTurn,
     author =   {T. H. Ellison and J. S. Turner},
     title =    {Turbulent Entrainment in Stratified Flows},
     journal =  {Journal of Fluid Mechanics},
     year = {1959},
     volume =   {6},     
     pages =    {423-448},
     
}

@Article{Deardorff70,
     author =   {J. W. Deardorff},
     title =    {Convective Velocity  and Temperature Scales for the unstable Planetary Boundary Layer and for Rayleigh Convection},
     journal =  {Journal of the Atmospheric Sciences},
     year = {1970},
     volume =   {27},     
     pages =    {1211 - 1213},
}

@Article{CrumStullEl,
     author =   {Timothy D. Crum and Roland B. Stull and Edwin W. Eloranta},
     title =    {Coincident Lidar and Aircraft Observations of Entrainment into Thermals and Mixed Layers},
     journal =  {Journal of Climate and Applied Meteorology},
     year = {1987},
     volume =   {26},     
     pages =    {774-788},
}


@Article{Deardorff72,
     author =   {J. W. Deardorff},
     title =    {Numerical Investigation of Neutral and Unstable Planetary Boundary Layers},
     journal =  {Journal of the Atmospheric Sciences},
     year = {1972},
     volume =   {29},     
     pages =    {91 - 115},
}

@Article{Deardorff79,
     author =   {J. W. Deardorff},
     title =    {Prediction of Convective Mixed-Layer Entrainment for Realistic Capping Inversion Structure},
     journal =  {Journal of the Atmospheric Sciences},
     year = {1979},
     volume =   {36},     
     pages =    {424-436},
}

@MastersThesis{Nchap14,
           title = "{The effects of two parameters on convective boundary layer entrainment}",
          author = "Niamh Chaparro",
          school = "University of British Columbia",
           month = Dec,
            year = "2014",
            url = "http://hdl.handle.net/2429/51761"
}

@Article{DearWill80,
     author =   {J. W. Deardorff and G. E. Willis and B. J. Stockton},
     title =    {Laboratory Studies of the Entrainment Zone of a Convectively Mixed Layer},
     journal =  {J. Fluid Mech.},
     year = {1980},
     volume =   {100},     
     pages =    {41-64},
}

@Article{KatoPhil,
     author =   {H. Kato and O. M. Philips},
     title =    {On the Penetration of a Turbulent Layer into Stratified Fluid},
     journal =  {J. Fluid Mech.},
     year = {1969},
     volume =   {37},     
     pages =    {644-655},
}

@Article{SchmidtSchu,
     author =   {Helmut Schmidt and Ulrich Schumann},
     title =    {Coherent Structure of the Convective Boundary Layer derived from Larg-Eddy Simulations},
     journal =  {J. Fluid. Mech.},
     year = {1989},
     volume =   {200},     
     pages =    {511-562},
}

@Article{WilStu,
     author =   {Wilde, N. P. and R. A. Stull and E. W. Eloranta},
     title =    {The LCL zone and cumulous onset},
     journal =  {Journal of Cimate and Applied Meteorology},
     year = {1985},
     volume =   {24},     
     pages =    {640 - 657},
}

@Article{CruStu,
     author =   {Timothy D. Crum and Roland B. Stull},
     title =    {Field Measurements of the Amount of Surface Layer Air versus Height in the Entrainment Zone},
     journal =  {Journal of the Atmospheric Sciences},
     year = {1987},
     volume =   {44},     
     pages =    {2743 - 2753},
}

@Article{EbSchu,
     author =   {Elizabeth E. Ebert and Ulrich Schumann and Roland B. Stull},
     title =    {Nonlocal Turbulent Mixing in the Convective Boundary Layer Evaluated from Large-Eddy Simulation},
     journal =  {Journal of the Atmospheric Sciences},
     year = {1989},
     volume =   {46},     
     pages =    {2178 - 2207},
}

@Article{Sorbjan1,
     author =   {Zbigniew Sorbjan},
     title =    {Effects Caused by Varying the Strength of the Capping Inversion Based on a Large Eddy Simulation Model of the Shear-Free Convective Boundary Layer},
     journal =  {Journal of the Atmospheric Sciences},
     year = {1996},
     volume =   {53},     
     pages =    {2015-2024},
}

@Article{Stull76a,
     author =   {Roland B. Stull},
     title =    {The Energetics of Entrainment Across a Density Interface},
     journal =  {Journal of the Atmospheric Sciences},
     year = {1976a},
     volume =   {33},     
     pages =    {1260 - 1267},
}

@Article{Stull76b,
     author =   {Roland B. Stull},
     title =    {Mixed Layer Depth Model Based on Turbulent Energetics},
     journal =  {Journal of the Atmospheric Sciences},
     year = {1976b},
     volume =   {33},     
     pages =    {1268 - 1278},
}


@ARTICLE{Sullivan98,
author = {Sullivan, Peter P. and Moeng, Chin-Hoh and Stevens, Bjorn and Lenschow, Donald H. and Mayor, Shane D.},
title = {Structure of the Entrainment Zone Capping the Convective Atmospheric Boundary Layer},
journal = {J. Atmos. Sci.},
volume = {55},
issue = {19},
year = {1998},
pages = {3042-3064},
doi = {10.1175/1520-0469(1998)055<3042:SOTEZC>2.0.CO;2},
resource = {http://ezproxy.library.ubc.ca/login?url=http://journals.ametsoc.org/doi/abs/10.1175/1520-0469%281998%29055%3C3042%3ASOTEZC%3E2.0.CO%3B2},
wos = {http://bit.ly/1Ec3iro},
citing = {http://bit.ly/1Ec3jeY},
related = {http://bit.ly/1Ec3irq},
}

@ARTICLE{Fedorovich04,
author = {Fedorovich, Evgeni and Conzemius, Robert and Mironov, Dmitrii},
title = {Convective Entrainment into a Shear-Free, Linearly Stratified Atmosphere: Bulk Models Reevaluated through Large Eddy Simulations},
journal = {J. Atmos. Sci.},
volume = {61},
issue = {3},
year = {2004},
pages = {281-295},
doi = {10.1175/1520-0469(2004)061<0281:CEIASL>2.0.CO;2},
resource = {http://ezproxy.library.ubc.ca/login?url=http://journals.ametsoc.org/doi/abs/10.1175/1520-0469%282004%29061%3C0281%3ACEIASL%3E2.0.CO%3B2},
wos = {http://bit.ly/1JIQGKv},
citing = {http://bit.ly/1JIQGKH},
related = {http://bit.ly/1JIQJpQ},
}



@ARTICLE{Cohn00,
author = {Cohn, Stephen A. and Angevine, Wayne M.},
title = {Boundary Layer Height and Entrainment Zone Thickness Measured by Lidars and Wind-Profiling Radars},
journal = {J. Appl. Meteor.},
volume = {39},
issue = {8},
year = {00},
pages = {1233-1247},
doi = {10.1175/1520-0450(2000)039<1233:BLHAEZ>2.0.CO;2},
resource = {http://ezproxy.library.ubc.ca/login?url=http://journals.ametsoc.org/doi/abs/10.1175/1520-0450%282000%29039%3C1233%3ABLHAEZ%3E2.0.CO%3B2},
wos = {http://bit.ly/1JIQdba},
citing = {http://bit.ly/1JIQafE},
related = {http://bit.ly/1JIQavY},
}

@Article{Betts74,
     author =   {A. K. Betts},
     title =    {Reply to Comment on the Paper: "Non-Precipitating Cumulous Convection and its Parametrization"},
     journal =  {Quart. J. Roy. Meteor. Soc.},
     year = {1974},
     volume =   {100},     
     pages =    {469 - 471},
     
}

@Article{DawAus,
     author =   {Jordan T. Dawe and Philip H. Austin},
     title =    {Interpolation of LES Cloud Surfaces for Use in Direct Calculations of Entrainment and Detrainment},
     journal =  {Monthly Weather Review},
     year = {2010},
     volume =   {139},     
     pages =    {444-456},
     
}

@ARTICLE{Garcia14,
author = {Garcia, Jade Rachele and Mellado, Juan Pedro},
title = {The Two-layer Structure of the Entrainment Zone in the Convective Boundary Layer},
journal = {J. Atmos. Sci.},
year = {2014},
pages = {140325153454008},
doi = {10.1175/JAS-D-13-0148.1},
resource = {http://ezproxy.library.ubc.ca/login?url=http://journals.ametsoc.org/doi/abs/10.1175/JAS-D-13-0148.1},
}

@ARTICLE{Brooks12,
author = {Brooks, Ian M. and Fowler, Alison M.},
title = {An Evaluation of Boundary-Layer Depth, Inversion and Entrainment Parameters by Large-Eddy Simulation},
journal = {Boundary-Layer Meteorol},
volume = {142},
issue = {2},
year = {2012},
pages = {245-263},
doi = {10.1007/s10546-011-9668-3},
resource = {http://ezproxy.library.ubc.ca/login?url=http://link.springer.com/10.1007/s10546-011-9668-3},
wos = {http://bit.ly/1Ec2qmP},
citing = {http://bit.ly/1Ec2ov5},
related = {http://bit.ly/1Ec2ov7},
}

@Article{BatchGryn,
     author =   {Ekaterina Batchvarova and Sven-Erik Gryning},
     title =    {An Applied Model for the Height of the Daytime Mixed Layer and the Entrainment Zone},
     journal =  {Bundary-Layer Meteorology},
     year = {1994},
     volume =   {71},     
     pages =    {311-323},
}

@Article{SteynBaldHoff,
     author =   {D. G. Steyn and M. Baldi and R. M. Hoff},
     title =    {The Detection of Mixed Layer Depth and Entrainment Zone Thickness from Lidar Backscatter Profiles},
     journal =  {Journal of Atmospheric and Oceanic Technology},
     year = {1999},
     volume =   {16},     
     pages =    {953-959},
}

@Article{Traum11,
     author =   {K. Traumner and Ch. Kottmeier and U. Corsmeier and A. Wieser},
     title =    {Convective Boundary-Layer Entrainment: Short Review and Progress using Doppler Lidar},
     journal =  {Bundary-Layer Meteorology},
     year = {2011},
     volume =   {141},     
     pages =    {369-391},
     doi = {10.1007/s10546-011-9657-6}
}

@Article{Vieth,
     author =   {E. Vieth},
     title =    {Fitting Piecewise Linear Regression Functions to Biological Responses},
     journal =  {Journal of Applied Physiology},
     year = {2011},
     volume =   {67},     
     pages =    {390-396},
     
}

@Article{Khairoutdinov&Randall,
     author =   {Marat F. Khairoutinov and David A. Randall},
     title =    {Cloud Resolving Modeling of the ARM Summer 1997 IOP: Model Formulation, Results, Uncertainties, and Sensitivities},
     journal =  {Journal of the Atmospheric Sciences},
     year = {2003},
     volume =   {60},     
     pages =    {607-625},
     
}

@Article{Kolmog,
     author =   {A. N. Kolmogorov},
     title =    {A refinement of previous hypotheses concerning the local structure of turbulence in a viscous incompressible fluid at hight Reynolds number},
     journal =  {Journal of Fluid Mechanics},
     year = {1962},
     volume =   {13},     
     pages =    {82-85},
     
}

@Article{MahrtPaum,
     author =   {L. Mahrt and J. Paumier},
     title =    {Heat Transport in the Atmospheric Boundary Layer},
     journal =  {Journal of the Atmospheric Sciences},
     year = {1984},
     volume =   {41},     
     pages =    {3061-3075},
     
}


@ARTICLE{Boers89,
author = {Boers, Reinout},
title = {A Parameterization of the Depth of the Entrainment Zone},
journal = {J. Appl. Meteor.},
volume = {28},
issue = {2},
year = {89},
pages = {107-111},
doi = {10.1175/1520-0450(1989)028<0107:APOTDO>2.0.CO;2},
resource = {http://ezproxy.library.ubc.ca/login?url=http://journals.ametsoc.org/doi/abs/10.1175/1520-0450%281989%29028%3C0107%3AAPOTDO%3E2.0.CO%3B2},
wos = {http://bit.ly/1LrkZ8L},
citing = {http://bit.ly/1LrkYll},
related = {http://bit.ly/1LrkZ8Q},
}

@Article{Tennekes73,
     author =   {H. Tennekes},
     title =    {A Model for the Dynamics of the Inversion Above a Convective Boundary Layer},
     journal =  {Journal of the Atmospheric Sciences},
     year = {1973},
     volume =   {30},     
     pages =    {558-566},
}

@Book{bringhurst-2002-teots,
    author =	{Bringhurst, Robert},
    title =	{The Elements of Typographic Style},
    booktitle =	{The Elements of Typographic Style},
    year =	2002,
    edition =	{2.5},
    publisher =	{Hartley \& Marks},
    isbn =	0881791326,
}

@InProceedings{kiczales-1997-aop,
    author =    {Kiczales, Gregor and Lamping, John and
		    Mendhekar, Anurag and Maeda, Chris and
		    Lopes, Cristina and Loingtier, Jean-Marc
		    and Irwin, John},
    title =     {Aspect-Oriented Programming},
    booktitle = procecoop,
    year =	1997,
    series =    lncs,
    volume =    2591,
    pages =     {220--242},
    keywords =  {aop, aspect-oriented programming},
    online =	{http://www.parc.xerox.com/csl/groups/sda/pubs/papers/Kiczal
es-ECOOP97/for-web.pdf},
}

